@article{shawar2007chatbots,
  title={Chatbots: Are they really useful?},
  author={Shawar, Bayan A and Atwell, Eric},
  journal={LDV Forum},
  volume={22},
  number={1},
  pages={29--49},
  year={2007},
  publisher={De Gruyter}
}

@article{adamopoulou2020overview,
  title={An overview of chatbot technology},
  author={Adamopoulou, Eleni and Moussiades, Lefteris},
  journal={Artificial Intelligence Applications and Innovations},
  pages={373--383},
  year={2020},
  publisher={Springer}
}

@article{brown2020language,
  title={Language Models are Few-Shot Learners},
  author={Brown, Tom B and Mann, Benjamin and Ryder, Nick and Subbiah, Melanie and Kaplan, Jared and Dhariwal, Prafulla and Neelakantan, Arvind and Shyam, Pranav and Sastry, Girish and Askell, Amanda and others},
  journal={Advances in Neural Information Processing Systems},
  volume={33},
  pages={1877--1901},
  year={2020}
}

@book{lundh2001python,
  title={Python Standard Library},
  author={Lundh, Fredrik},
  year={2001},
  publisher={O'Reilly Media}
}

@misc{vinbot2019,
  title={VinBot: A Wine Advisor Chatbot},
  author={Equipo VinBot},
  year={2019},
  note={Disponible en https://vinbot.example.com}
}

